<?xml version="1.0" encoding="UTF-8"?><record xmlns="http://www.loc.gov/MARC21/slim" xmlns:cinclude="http://apache.org/cocoon/include/1.0" xmlns:zs="http://www.loc.gov/zing/srw/">
  <leader>00494nz  a2200133n  4500</leader>
  <controlfield tag="001">no2009068823</controlfield>
  <controlfield tag="003">DLC</controlfield>
  <controlfield tag="005">20090507075420.0</controlfield>
  <controlfield tag="008">090505n| acannaabn          |n ana     c</controlfield>
  <datafield tag="010" ind1=" " ind2=" ">
    <subfield code="a">no2009068823</subfield>
  </datafield>
  <datafield tag="035" ind1=" " ind2=" ">
    <subfield code="a">(OCoLC)oca08097719</subfield>
  </datafield>
  <datafield tag="040" ind1=" " ind2=" ">
    <subfield code="a">SaPrUSA</subfield>
    <subfield code="b">eng</subfield>
    <subfield code="c">SaPrUSA</subfield>
  </datafield>
  <datafield tag="110" ind1="2" ind2=" ">
    <subfield code="a">Study Project on Christianity in Apartheid Society.</subfield>
    <subfield code="b">Economics Commission</subfield>
  </datafield>
  <datafield tag="670" ind1=" " ind2=" ">
    <subfield code="a">Power, privilege and poverty, 1972:</subfield>
    <subfield code="b">t.p. (Report of the Economics Commission of the Study Project on Christianity in Apartheid Society)</subfield>
  </datafield>
</record>